% This file was created with Citavi 6.3.0.0

@book{Gamma.1995,
 author = {Gamma, Erich},
 year = {1995},
 title = {Design patterns: Elements of reusable object-oriented software /   Erich Gamma ... [et al.]},
 address = {Reading, Mass. and Wokingham},
 publisher = {Addison-Wesley},
 isbn = {0201633612},
 series = {Addison-Wesley professional computing series}
}


@book{Johnson.2003,
 author = {Johnson, Rod},
 year = {2003},
 title = {Expert one-on-one J2EE design and development},
 price = {{\pounds}43.99},
 address = {Indianapolis, Ind. and Great Britain},
 publisher = {Wrox},
 isbn = {0-7645-4385-7},
 series = {Programmer to programmer}
}


@misc{MartinFowler.23.01.2020,
 abstract = {Explaining the Dependency Injection pattern, by contrasting it with Service Locator. The choice between them is less important than the principle of separating configuration from use.},
 author = {{Martin Fowler}},
 year = {23.01.2020},
 title = {Inversion of Control Containers and the Dependency Injection pattern},
 url = {https://www.martinfowler.com/articles/injection.html#InversionOfControl},
 urldate = {23.01.2020}
}


@misc{SmartBear.2020,
 abstract = {Swagger aides in development across the entire API lifecycle, from design and documentation, to test and deployment. Try it today!},
 author = {SmartBear},
 year = {2020},
 title = {The Best APIs are Built with Swagger Tools | Swagger},
 url = {https://swagger.io/},
 urldate = {23.01.2020}
}


@book{Walls.20162017,
 author = {Walls, Craig and Carnell, John},
 year = {2016 // 2017},
 title = {Spring Boot in action // Spring microservices in action},
 url = {https://www.nitinagrawal.com/uploads/2/1/3/6/21361954/spring_boot_in_action.pdf},
 address = {Shelter Island},
 publisher = {Manning and {Manning Publications Co}},
 isbn = {978-1-61729-398-6}
}


